<record><leader>00000cas a22000007a 4500</leader><controlfield tag="001">27119790</controlfield><controlfield tag="008">921214d19561961scucr ne      0    0eng d</controlfield><datafield ind1=" " ind2=" " tag="010"><subfield code="a">sn 92065731 </subfield></datafield><datafield ind1=" " ind2=" " tag="040"><subfield code="a">SVN</subfield><subfield code="b">eng</subfield><subfield code="c">SVN</subfield><subfield code="d">OCLCQ</subfield></datafield><datafield ind1=" " ind2=" " tag="042"><subfield code="a">msc</subfield></datafield><datafield ind1="0" ind2=" " tag="130"><subfield code="a">Myrtle Beach news (Myrtle Beach, S.C. : 1956)</subfield></datafield><datafield ind1="1" ind2="0" tag="245"><subfield code="a">Myrtle Beach news.</subfield></datafield><datafield ind1=" " ind2=" " tag="260"><subfield code="a">Myrtle Beach, S.C. :</subfield><subfield code="b">Grand Strand Pub. Corp.</subfield></datafield><datafield ind1=" " ind2=" " tag="300"><subfield code="a">v.</subfield></datafield><datafield ind1=" " ind2=" " tag="310"><subfield code="a">Semiweekly,</subfield><subfield code="b">Dec. 27 1960-July 25, 1961</subfield></datafield><datafield ind1=" " ind2=" " tag="321"><subfield code="a">Weekly,</subfield><subfield code="b">&lt;Sept. 29, 1960&gt;-&lt;Dec. 8, 1960&gt;</subfield></datafield><datafield ind1="1" ind2=" " tag="362"><subfield code="a">Began in 1956? Ceased in 1961.</subfield><subfield code="z">Moore, South Carolina newspapers.</subfield></datafield><datafield ind1=" " ind2=" " tag="588"><subfield code="a">Description based on: Vol. 29, no. 17 (Sept. 29, 1960).</subfield></datafield><datafield ind1=" " ind2="4" tag="651"><subfield code="a">Horry County (S.C.)</subfield><subfield code="v">Newspapers.</subfield></datafield><datafield ind1=" " ind2=" " tag="752"><subfield code="a">United States</subfield><subfield code="b">South Carolina</subfield><subfield code="c">Horry</subfield><subfield code="d">Myrtle Beach.</subfield></datafield><datafield ind1="0" ind2="0" tag="780"><subfield code="t">Myrtle Beach daily news</subfield><subfield code="w">(DLC)sn 92065717</subfield></datafield><datafield ind1="0" ind2="7" tag="785"><subfield code="t">Myrtle Beach sun and ocean beach news</subfield><subfield code="w">(DLC)sn 92065689</subfield></datafield><datafield ind1="0" ind2="7" tag="785"><subfield code="t">Sun-news (Myrtle Beach, S.C.)</subfield><subfield code="w">(DLC)sn 92065709</subfield></datafield><datafield ind1="1" ind2=" " tag="029"><subfield code="a">AU@</subfield><subfield code="b">000020718220</subfield></datafield></record>